@misc{kindig2024,
    author = {Beth Kindig},
    title = {AI Power Consumption Rapidly Becoming Mission Critical},
    year = {2024},
    month = jun,
    url = {https://www.forbes.com/sites/bethkindig/2024/06/20/ai-power-consumption-rapidly-becoming-mission-critical/},
    note = {Accessed: 2024-09-16},
    journal = {Forbes},
}

@misc{voita2019analyzingmultiheadselfattentionspecialized,
    title={Analyzing Multi-Head Self-Attention: Specialized Heads Do the Heavy Lifting, the Rest Can Be Pruned},
    author={Elena Voita and David Talbot and Fedor Moiseev and Rico Sennrich and Ivan Titov},
    year={2019},
    eprint={1905.09418},
    archivePrefix={arXiv},
    primaryClass={cs.CL},
    url={https://arxiv.org/abs/1905.09418},
}

@misc{dery2024everybodyprunenowstructured,
    title={Everybody Prune Now: Structured Pruning of LLMs with only Forward Passes},
    author={Lucio Dery and Steven Kolawole and Jean-François Kagy and Virginia Smith and Graham Neubig and Ameet Talwalkar},
    year={2024},
    eprint={2402.05406},
    archivePrefix={arXiv},
    primaryClass={cs.LG},
    url={https://arxiv.org/abs/2402.05406},
}

@misc{sun2024simpleeffectivepruningapproach,
    title={A Simple and Effective Pruning Approach for Large Language Models},
    author={Mingjie Sun and Zhuang Liu and Anna Bair and J. Zico Kolter},
    year={2024},
    eprint={2306.11695},
    archivePrefix={arXiv},
    primaryClass={cs.CL},
    url={https://arxiv.org/abs/2306.11695},
}

@misc{huang2024largelanguagemodelpruning,
    title={Large Language Model Pruning},
    author={Hanjuan Huang and Hao-Jia Song and Hsing-Kuo Pao},
    year={2024},
    eprint={2406.00030},
    archivePrefix={arXiv},
    primaryClass={cs.CL},
    url={https://arxiv.org/abs/2406.00030},
}

@misc{lee2024automaticchannelpruningmultihead,
    title={Automatic Channel Pruning for Multi-Head Attention},
    author={Eunho Lee and Youngbae Hwang},
    year={2024},
    eprint={2405.20867},
    archivePrefix={arXiv},
    primaryClass={cs.CV},
    url={https://arxiv.org/abs/2405.20867},
}

@inproceedings{li2023towards,
    title={Towards Lossless Head Pruning through Automatic Peer Distillation for Language Models.},
    author={Li, Bingbing and Wang, Zigeng and Huang, Shaoyi and Bragin, Mikhail A and Li, Ji and Ding, Caiwen},
    booktitle={IJCAI},
    pages={5113--5121},
    year={2023},
    url = {https://www.ijcai.org/proceedings/2023/0568.pdf},
}

@misc{chalvatzaki2023learningreasonscenegraphs,
    title={Learning to Reason over Scene Graphs: A Case Study of Finetuning GPT-2 into a Robot Language Model for Grounded Task Planning},
    author={Georgia Chalvatzaki and Ali Younes and Daljeet Nandha and An Le and Leonardo F. R. Ribeiro and Iryna Gurevych},
    year={2023},
    eprint={2305.07716},
    archivePrefix={arXiv},
    primaryClass={cs.RO},
    url={https://arxiv.org/abs/2305.07716},
}

@misc{jaradat2024hybriddynamicpruningpathway,
    title={Hybrid Dynamic Pruning: A Pathway to Efficient Transformer Inference},
    author={Ghadeer Jaradat and Mohammed Tolba and Ghada Alsuhli and Hani Saleh and Mahmoud Al-Qutayri and Thanos Stouraitis and Baker Mohammad},
    year={2024},
    eprint={2407.12893},
    archivePrefix={arXiv},
    primaryClass={cs.LG},
    url={https://arxiv.org/abs/2407.12893},
}

@article{ma2023llm,
    title = {Llm-pruner: On the structural pruning of large language models},
    author = {Ma, Xinyin and Fang, Gongfan and Wang, Xinchao},
    journal = {Advances in neural information processing systems},
    volume = {36},
    pages = {21702--21720},
    year = {2023}
}

@article{hsu2023explainable,
    title = {Explainable GeoAI: can saliency maps help interpret artificial intelligence’s learning process? An empirical study on natural feature detection},
    author = {Hsu, Chia-Yu and Li, Wenwen},
    journal = {International Journal of Geographical Information Science},
    volume = {37},
    number = {5},
    pages = {963--987},
    year = {2023},
    publisher = {Taylor \& Francis}
}

@inproceedings{jia2022interpreting,
    title = {Interpreting Convolutional Neural Networks via Layer-Wise Relevance Propagation},
    author = {Jia, Wohuan and Zhang, Shaoshuai and Jiang, Yue and Xu, Li},
    booktitle = {International Conference on Adaptive and Intelligent Systems},
    pages = {457--467},
    year = {2022},
    organization = {Springer}
}

@inproceedings{shi2021sparsebert,
    title = {Sparsebert: Rethinking the importance analysis in self-attention},
    author = {Shi, Han and Gao, Jiahui and Ren, Xiaozhe and Xu, Hang and Liang, Xiaodan and Li, Zhenguo and Kwok, James Tin-Yau},
    booktitle = {International Conference on Machine Learning},
    pages = {9547--9557},
    year = {2021},
    organization = {PMLR}
}

@inproceedings{sundararajan2017axiomatic,
    title = {Axiomatic attribution for deep networks},
    author = {Sundararajan, Mukund and Taly, Ankur and Yan, Qiqi},
    booktitle = {International conference on machine learning},
    pages = {3319--3328},
    year = {2017},
    organization = {PMLR}
}

@article{nohara2022explanation,
    title = {Explanation of machine learning models using shapley additive explanation and application for real data in hospital},
    author = {Nohara, Yasunobu and Matsumoto, Koutarou and Soejima, Hidehisa and Nakashima, Naoki},
    journal = {Computer Methods and Programs in Biomedicine},
    volume = {214},
    pages = {106584},
    year = {2022},
    publisher = {Elsevier}
}

@article{singh2024rethinking,
    title = {Rethinking interpretability in the era of large language models},
    author = {Singh, Chandan and Inala, Jeevana Priya and Galley, Michel and Caruana, Rich and Gao, Jianfeng},
    journal = {arXiv preprint arXiv:2402.01761},
    year = {2024}
}

@misc{chatgpt_2024,
    title = {ChatGPT},
    author = {OpenAI},
    year = 2024,
    url = {https://openai.com/chatgpt/},
    note = {Accessed: 2024-09-16}
}

@misc{LLM-Pruner,
    author = {Xinyin Ma, Gongfan Fang, Xinchao Wang},
    title = {LLM-Pruner: GitHub Repository},
    year = {2023},
    note = {\url{https://github.com/horseee/LLM-Pruner}},
    note = {Accessed: 2024-09-23}
}

@article{erhan2009visualizing,
  title={Visualizing higher-layer features of a deep network},
  author={Erhan, Dumitru and Bengio, Yoshua and Courville, Aaron and Vincent, Pascal},
  journal={University of Montreal},
  volume={1341},
  number={3},
  pages={1},
  year={2009}
}

@article{sreenivas2024llm,
  title={LLM Pruning and Distillation in Practice: The Minitron Approach},
  author={Sreenivas, Sharath Turuvekere and Muralidharan, Saurav and Joshi, Raviraj and Chochowski, Marcin and Patwary, Mostofa and Shoeybi, Mohammad and Catanzaro, Bryan and Kautz, Jan and Molchanov, Pavlo},
  journal={arXiv preprint arXiv:2408.11796},
  year={2024}
}

@misc{llm-test-runner,
  author       = {Welby Seely},
  title        = {LLM Test Runner},
  year         = 2024,
  publisher    = {GitHub},
  journal      = {GitHub repository},
  howpublished = {\url{https://github.com/crimsonmagick/llm-test-runner}},
  note         = {Accessed: 2024-09-30}
}

@misc{llm-pruner-pr,
  author       = {crimsonmagick},
  title        = {LLM Pruner: Pull Request \#1 Files},
  year         = 2024,
  publisher    = {GitHub},
  journal      = {GitHub repository},
  howpublished = {\url{https://github.com/crimsonmagick/LLM-Pruner/pull/1/files}},
  note         = {Accessed: 2024-09-30}
}

@misc{merity2016pointersentinelmixturemodels,
      title={Pointer Sentinel Mixture Models},
      author={Stephen Merity and Caiming Xiong and James Bradbury and Richard Socher},
      year={2016},
      eprint={1609.07843},
      archivePrefix={arXiv},
      primaryClass={cs.CL},
      url={https://arxiv.org/abs/1609.07843},
}

@misc{decapoda-llama-7B,
  author       = {baffo32},
  title        = {Decapoda Research LLAMA 7B - Hugging Face},
  year         = 2024,
  publisher    = {Hugging Face},
  journal      = {Hugging Face repository},
  howpublished = {\url{https://huggingface.co/baffo32/decapoda-research-llama-7B-hf}},
  note         = {Accessed: 2024-09-30}
}

@article{jelinek1977perplexity,
    title={Perplexity—a measure of the difficulty of speech recognition tasks},
    author={Jelinek, Fred and Mercer, Robert L and Bahl, Lalit R and Baker, James K},
    journal={The Journal of the Acoustical Society of America},
    volume={62},
    number={S1},
    pages={S63--S63},
    year={1977},
    publisher={Acoustical Society of America}
}

@misc{ba2016layernormalization,
    title={Layer Normalization},
    author={Jimmy Lei Ba and Jamie Ryan Kiros and Geoffrey E. Hinton},
    year={2016},
    eprint={1607.06450},
    archivePrefix={arXiv},
    primaryClass={stat.ML},
    url={https://arxiv.org/abs/1607.06450},
}

@misc{bahdanau2016neuralmachinetranslationjointly,
    title={Neural Machine Translation by Jointly Learning to Align and Translate},
    author={Dzmitry Bahdanau and Kyunghyun Cho and Yoshua Bengio},
    year={2016},
    eprint={1409.0473},
    archivePrefix={arXiv},
    primaryClass={cs.CL},
    url={https://arxiv.org/abs/1409.0473},
}

@misc{huggingface_transformers_llama,
    author       = {Hugging Face, Inc.},
    title        = {LLaMA Model Implementation in Transformers Library},
    url          = {https://github.com/huggingface/transformers/blob/main/src/transformers/models/llama/modeling_llama.py},
    note         = {Accessed: 2024-10-28},
    howpublished = {\url{https://github.com/huggingface/transformers/blob/main/src/transformers/models/llama/modeling_llama.py}}
}

@misc{su2023roformerenhancedtransformerrotary,
    title={RoFormer: Enhanced Transformer with Rotary Position Embedding},
    author={Jianlin Su and Yu Lu and Shengfeng Pan and Ahmed Murtadha and Bo Wen and Yunfeng Liu},
    year={2023},
    eprint={2104.09864},
    archivePrefix={arXiv},
    primaryClass={cs.CL},
    url={https://arxiv.org/abs/2104.09864},
}

@misc{GoogleScholar,
    author       = {{Google}},
    title        = {{Google Scholar}},
    howpublished = {\url{https://scholar.google.com/}},
    year         = {2024},
    note         = {Accessed: 2024-12-10}
}

@misc{wolf2020huggingfacestransformersstateoftheartnatural,
    title={HuggingFace's Transformers: State-of-the-art Natural Language Processing},
    author={Thomas Wolf and Lysandre Debut and Victor Sanh and Julien Chaumond and Clement Delangue and Anthony Moi and Pierric Cistac and Tim Rault and Rémi Louf and Morgan Funtowicz and Joe Davison and Sam Shleifer and Patrick von Platen and Clara Ma and Yacine Jernite and Julien Plu and Canwen Xu and Teven Le Scao and Sylvain Gugger and Mariama Drame and Quentin Lhoest and Alexander M. Rush},
    year={2020},
    eprint={1910.03771},
    archivePrefix={arXiv},
    primaryClass={cs.CL},
    url={https://arxiv.org/abs/1910.03771},
}

@misc{ainslie2023gqatraininggeneralizedmultiquery,
    title={GQA: Training Generalized Multi-Query Transformer Models from Multi-Head Checkpoints},
    author={Joshua Ainslie and James Lee-Thorp and Michiel de Jong and Yury Zemlyanskiy and Federico Lebrón and Sumit Sanghai},
    year={2023},
    eprint={2305.13245},
    archivePrefix={arXiv},
    primaryClass={cs.CL},
    url={https://arxiv.org/abs/2305.13245},
}

@misc{vaswani2023attentionneed,
    title={Attention Is All You Need},
    author={Ashish Vaswani and Noam Shazeer and Niki Parmar and Jakob Uszkoreit and Llion Jones and Aidan N. Gomez and Lukasz Kaiser and Illia Polosukhin},
    year={2023},
    eprint={1706.03762},
    archivePrefix={arXiv},
    primaryClass={cs.CL},
    url={https://arxiv.org/abs/1706.03762},
}

@misc{grattafiori2024llama3herdmodels,
    title={The Llama 3 Herd of Models},
    author={Aaron Grattafiori and Abhimanyu Dubey and Abhinav Jauhri and Abhinav Pandey and Abhishek Kadian and Ahmad Al-Dahle and Aiesha Letman and Akhil Mathur and Alan Schelten and Alex Vaughan and Amy Yang and Angela Fan and Anirudh Goyal and Anthony Hartshorn and Aobo Yang and Archi Mitra and Archie Sravankumar and Artem Korenev and Arthur Hinsvark and Arun Rao and Aston Zhang and Aurelien Rodriguez and Austen Gregerson and Ava Spataru and Baptiste Roziere and Bethany Biron and Binh Tang and Bobbie Chern and Charlotte Caucheteux and Chaya Nayak and Chloe Bi and Chris Marra and Chris McConnell and Christian Keller and Christophe Touret and Chunyang Wu and Corinne Wong and Cristian Canton Ferrer and Cyrus Nikolaidis and Damien Allonsius and Daniel Song and Danielle Pintz and Danny Livshits and Danny Wyatt and David Esiobu and Dhruv Choudhary and Dhruv Mahajan and Diego Garcia-Olano and Diego Perino and Dieuwke Hupkes and Egor Lakomkin and Ehab AlBadawy and Elina Lobanova and Emily Dinan and Eric Michael Smith and Filip Radenovic and Francisco Guzmán and Frank Zhang and Gabriel Synnaeve and Gabrielle Lee and Georgia Lewis Anderson and Govind Thattai and Graeme Nail and Gregoire Mialon and Guan Pang and Guillem Cucurell and Hailey Nguyen and Hannah Korevaar and Hu Xu and Hugo Touvron and Iliyan Zarov and Imanol Arrieta Ibarra and Isabel Kloumann and Ishan Misra and Ivan Evtimov and Jack Zhang and Jade Copet and Jaewon Lee and Jan Geffert and Jana Vranes and Jason Park and Jay Mahadeokar and Jeet Shah and Jelmer van der Linde and Jennifer Billock and Jenny Hong and Jenya Lee and Jeremy Fu and Jianfeng Chi and Jianyu Huang and Jiawen Liu and Jie Wang and Jiecao Yu and Joanna Bitton and Joe Spisak and Jongsoo Park and Joseph Rocca and Joshua Johnstun and Joshua Saxe and Junteng Jia and Kalyan Vasuden Alwala and Karthik Prasad and Kartikeya Upasani and Kate Plawiak and Ke Li and Kenneth Heafield and Kevin Stone and Khalid El-Arini and Krithika Iyer and Kshitiz Malik and Kuenley Chiu and Kunal Bhalla and Kushal Lakhotia and Lauren Rantala-Yeary and Laurens van der Maaten and Lawrence Chen and Liang Tan and Liz Jenkins and Louis Martin and Lovish Madaan and Lubo Malo and Lukas Blecher and Lukas Landzaat and Luke de Oliveira and Madeline Muzzi and Mahesh Pasupuleti and Mannat Singh and Manohar Paluri and Marcin Kardas and Maria Tsimpoukelli and Mathew Oldham and Mathieu Rita and Maya Pavlova and Melanie Kambadur and Mike Lewis and Min Si and Mitesh Kumar Singh and Mona Hassan and Naman Goyal and Narjes Torabi and Nikolay Bashlykov and Nikolay Bogoychev and Niladri Chatterji and Ning Zhang and Olivier Duchenne and Onur Çelebi and Patrick Alrassy and Pengchuan Zhang and Pengwei Li and Petar Vasic and Peter Weng and Prajjwal Bhargava and Pratik Dubal and Praveen Krishnan and Punit Singh Koura and Puxin Xu and Qing He and Qingxiao Dong and Ragavan Srinivasan and Raj Ganapathy and Ramon Calderer and Ricardo Silveira Cabral and Robert Stojnic and Roberta Raileanu and Rohan Maheswari and Rohit Girdhar and Rohit Patel and Romain Sauvestre and Ronnie Polidoro and Roshan Sumbaly and Ross Taylor and Ruan Silva and Rui Hou and Rui Wang and Saghar Hosseini and Sahana Chennabasappa and Sanjay Singh and Sean Bell and Seohyun Sonia Kim and Sergey Edunov and Shaoliang Nie and Sharan Narang and Sharath Raparthy and Sheng Shen and Shengye Wan and Shruti Bhosale and Shun Zhang and Simon Vandenhende and Soumya Batra and Spencer Whitman and Sten Sootla and Stephane Collot and Suchin Gururangan and Sydney Borodinsky and Tamar Herman and Tara Fowler and Tarek Sheasha and Thomas Georgiou and Thomas Scialom and Tobias Speckbacher and Todor Mihaylov and Tong Xiao and Ujjwal Karn and Vedanuj Goswami and Vibhor Gupta and Vignesh Ramanathan and Viktor Kerkez and Vincent Gonguet and Virginie Do and Vish Vogeti and Vítor Albiero and Vladan Petrovic and Weiwei Chu and Wenhan Xiong and Wenyin Fu and Whitney Meers and Xavier Martinet and Xiaodong Wang and Xiaofang Wang and Xiaoqing Ellen Tan and Xide Xia and Xinfeng Xie and Xuchao Jia and Xuewei Wang and Yaelle Goldschlag and Yashesh Gaur and Yasmine Babaei and Yi Wen and Yiwen Song and Yuchen Zhang and Yue Li and Yuning Mao and Zacharie Delpierre Coudert and Zheng Yan and Zhengxing Chen and Zoe Papakipos and Aaditya Singh and Aayushi Srivastava and Abha Jain and Adam Kelsey and Adam Shajnfeld and Adithya Gangidi and Adolfo Victoria and Ahuva Goldstand and Ajay Menon and Ajay Sharma and Alex Boesenberg and Alexei Baevski and Allie Feinstein and Amanda Kallet and Amit Sangani and Amos Teo and Anam Yunus and Andrei Lupu and Andres Alvarado and Andrew Caples and Andrew Gu and Andrew Ho and Andrew Poulton and Andrew Ryan and Ankit Ramchandani and Annie Dong and Annie Franco and Anuj Goyal and Aparajita Saraf and Arkabandhu Chowdhury and Ashley Gabriel and Ashwin Bharambe and Assaf Eisenman and Azadeh Yazdan and Beau James and Ben Maurer and Benjamin Leonhardi and Bernie Huang and Beth Loyd and Beto De Paola and Bhargavi Paranjape and Bing Liu and Bo Wu and Boyu Ni and Braden Hancock and Bram Wasti and Brandon Spence and Brani Stojkovic and Brian Gamido and Britt Montalvo and Carl Parker and Carly Burton and Catalina Mejia and Ce Liu and Changhan Wang and Changkyu Kim and Chao Zhou and Chester Hu and Ching-Hsiang Chu and Chris Cai and Chris Tindal and Christoph Feichtenhofer and Cynthia Gao and Damon Civin and Dana Beaty and Daniel Kreymer and Daniel Li and David Adkins and David Xu and Davide Testuggine and Delia David and Devi Parikh and Diana Liskovich and Didem Foss and Dingkang Wang and Duc Le and Dustin Holland and Edward Dowling and Eissa Jamil and Elaine Montgomery and Eleonora Presani and Emily Hahn and Emily Wood and Eric-Tuan Le and Erik Brinkman and Esteban Arcaute and Evan Dunbar and Evan Smothers and Fei Sun and Felix Kreuk and Feng Tian and Filippos Kokkinos and Firat Ozgenel and Francesco Caggioni and Frank Kanayet and Frank Seide and Gabriela Medina Florez and Gabriella Schwarz and Gada Badeer and Georgia Swee and Gil Halpern and Grant Herman and Grigory Sizov and Guangyi and Zhang and Guna Lakshminarayanan and Hakan Inan and Hamid Shojanazeri and Han Zou and Hannah Wang and Hanwen Zha and Haroun Habeeb and Harrison Rudolph and Helen Suk and Henry Aspegren and Hunter Goldman and Hongyuan Zhan and Ibrahim Damlaj and Igor Molybog and Igor Tufanov and Ilias Leontiadis and Irina-Elena Veliche and Itai Gat and Jake Weissman and James Geboski and James Kohli and Janice Lam and Japhet Asher and Jean-Baptiste Gaya and Jeff Marcus and Jeff Tang and Jennifer Chan and Jenny Zhen and Jeremy Reizenstein and Jeremy Teboul and Jessica Zhong and Jian Jin and Jingyi Yang and Joe Cummings and Jon Carvill and Jon Shepard and Jonathan McPhie and Jonathan Torres and Josh Ginsburg and Junjie Wang and Kai Wu and Kam Hou U and Karan Saxena and Kartikay Khandelwal and Katayoun Zand and Kathy Matosich and Kaushik Veeraraghavan and Kelly Michelena and Keqian Li and Kiran Jagadeesh and Kun Huang and Kunal Chawla and Kyle Huang and Lailin Chen and Lakshya Garg and Lavender A and Leandro Silva and Lee Bell and Lei Zhang and Liangpeng Guo and Licheng Yu and Liron Moshkovich and Luca Wehrstedt and Madian Khabsa and Manav Avalani and Manish Bhatt and Martynas Mankus and Matan Hasson and Matthew Lennie and Matthias Reso and Maxim Groshev and Maxim Naumov and Maya Lathi and Meghan Keneally and Miao Liu and Michael L. Seltzer and Michal Valko and Michelle Restrepo and Mihir Patel and Mik Vyatskov and Mikayel Samvelyan and Mike Clark and Mike Macey and Mike Wang and Miquel Jubert Hermoso and Mo Metanat and Mohammad Rastegari and Munish Bansal and Nandhini Santhanam and Natascha Parks and Natasha White and Navyata Bawa and Nayan Singhal and Nick Egebo and Nicolas Usunier and Nikhil Mehta and Nikolay Pavlovich Laptev and Ning Dong and Norman Cheng and Oleg Chernoguz and Olivia Hart and Omkar Salpekar and Ozlem Kalinli and Parkin Kent and Parth Parekh and Paul Saab and Pavan Balaji and Pedro Rittner and Philip Bontrager and Pierre Roux and Piotr Dollar and Polina Zvyagina and Prashant Ratanchandani and Pritish Yuvraj and Qian Liang and Rachad Alao and Rachel Rodriguez and Rafi Ayub and Raghotham Murthy and Raghu Nayani and Rahul Mitra and Rangaprabhu Parthasarathy and Raymond Li and Rebekkah Hogan and Robin Battey and Rocky Wang and Russ Howes and Ruty Rinott and Sachin Mehta and Sachin Siby and Sai Jayesh Bondu and Samyak Datta and Sara Chugh and Sara Hunt and Sargun Dhillon and Sasha Sidorov and Satadru Pan and Saurabh Mahajan and Saurabh Verma and Seiji Yamamoto and Sharadh Ramaswamy and Shaun Lindsay and Shaun Lindsay and Sheng Feng and Shenghao Lin and Shengxin Cindy Zha and Shishir Patil and Shiva Shankar and Shuqiang Zhang and Shuqiang Zhang and Sinong Wang and Sneha Agarwal and Soji Sajuyigbe and Soumith Chintala and Stephanie Max and Stephen Chen and Steve Kehoe and Steve Satterfield and Sudarshan Govindaprasad and Sumit Gupta and Summer Deng and Sungmin Cho and Sunny Virk and Suraj Subramanian and Sy Choudhury and Sydney Goldman and Tal Remez and Tamar Glaser and Tamara Best and Thilo Koehler and Thomas Robinson and Tianhe Li and Tianjun Zhang and Tim Matthews and Timothy Chou and Tzook Shaked and Varun Vontimitta and Victoria Ajayi and Victoria Montanez and Vijai Mohan and Vinay Satish Kumar and Vishal Mangla and Vlad Ionescu and Vlad Poenaru and Vlad Tiberiu Mihailescu and Vladimir Ivanov and Wei Li and Wenchen Wang and Wenwen Jiang and Wes Bouaziz and Will Constable and Xiaocheng Tang and Xiaojian Wu and Xiaolan Wang and Xilun Wu and Xinbo Gao and Yaniv Kleinman and Yanjun Chen and Ye Hu and Ye Jia and Ye Qi and Yenda Li and Yilin Zhang and Ying Zhang and Yossi Adi and Youngjin Nam and Yu and Wang and Yu Zhao and Yuchen Hao and Yundi Qian and Yunlu Li and Yuzi He and Zach Rait and Zachary DeVito and Zef Rosnbrick and Zhaoduo Wen and Zhenyu Yang and Zhiwei Zhao and Zhiyu Ma},
    year={2024},
    eprint={2407.21783},
    archivePrefix={arXiv},
    primaryClass={cs.AI},
    url={https://arxiv.org/abs/2407.21783},
}

@manual{nvidia_smi,
    title        = {NVIDIA System Management Interface (nvidia-smi) Documentation},
    author       = {NVIDIA Corporation},
    year         = {2024},
    url          = {https://docs.nvidia.com/deploy/nvidia-smi/index.html},
    note         = {Accessed: 2024-12-10}
}
