@misc{goodfellow2016deep,
    title={Deep learning},
    author={Goodfellow, Ian},
    year={2016},
    publisher={MIT press}
}
@article{xu2024let,
    title={Let's Focus on Neuron: Neuron-Level Supervised Fine-tuning for Large Language Model},
    author={Xu, Haoyun and Zhan, Runzhe and Wong, Derek F and Chao, Lidia S},
    journal={arXiv preprint arXiv:2403.11621},
    year={2024}
}

@article{Shu_2019,
    title={Sensitivity Analysis of Deep Neural Networks},
    volume={33},
    ISSN={2159-5399},
    url={http://dx.doi.org/10.1609/aaai.v33i01.33014943},
    DOI={10.1609/aaai.v33i01.33014943},
    number={01},
    journal={Proceedings of the AAAI Conference on Artificial Intelligence},
    publisher={Association for the Advancement of Artificial Intelligence (AAAI)},
    author={Shu, Hai and Zhu, Hongtu},
    year={2019},
    month=jul, pages={4943â€“4950} }
