@misc{kindig2024,
    author = {Beth Kindig},
    title = {AI Power Consumption Rapidly Becoming Mission Critical},
    year = {2024},
    month = jun,
    url = {https://www.forbes.com/sites/bethkindig/2024/06/20/ai-power-consumption-rapidly-becoming-mission-critical/},
    note = {Accessed: 2024-09-16},
    journal = {Forbes},
}

@article{ma2023llm,
    title = {Llm-pruner: On the structural pruning of large language models},
    author = {Ma, Xinyin and Fang, Gongfan and Wang, Xinchao},
    journal = {Advances in neural information processing systems},
    volume = {36},
    pages = {21702--21720},
    year = {2023}
}

@article{hsu2023explainable,
    title = {Explainable GeoAI: can saliency maps help interpret artificial intelligenceâ€™s learning process? An empirical study on natural feature detection},
    author = {Hsu, Chia-Yu and Li, Wenwen},
    journal = {International Journal of Geographical Information Science},
    volume = {37},
    number = {5},
    pages = {963--987},
    year = {2023},
    publisher = {Taylor \& Francis}
}

@inproceedings{jia2022interpreting,
    title = {Interpreting Convolutional Neural Networks via Layer-Wise Relevance Propagation},
    author = {Jia, Wohuan and Zhang, Shaoshuai and Jiang, Yue and Xu, Li},
    booktitle = {International Conference on Adaptive and Intelligent Systems},
    pages = {457--467},
    year = {2022},
    organization = {Springer}
}

@inproceedings{shi2021sparsebert,
    title = {Sparsebert: Rethinking the importance analysis in self-attention},
    author = {Shi, Han and Gao, Jiahui and Ren, Xiaozhe and Xu, Hang and Liang, Xiaodan and Li, Zhenguo and Kwok, James Tin-Yau},
    booktitle = {International Conference on Machine Learning},
    pages = {9547--9557},
    year = {2021},
    organization = {PMLR}
}

@inproceedings{sundararajan2017axiomatic,
    title = {Axiomatic attribution for deep networks},
    author = {Sundararajan, Mukund and Taly, Ankur and Yan, Qiqi},
    booktitle = {International conference on machine learning},
    pages = {3319--3328},
    year = {2017},
    organization = {PMLR}
}

@article{nohara2022explanation,
    title = {Explanation of machine learning models using shapley additive explanation and application for real data in hospital},
    author = {Nohara, Yasunobu and Matsumoto, Koutarou and Soejima, Hidehisa and Nakashima, Naoki},
    journal = {Computer Methods and Programs in Biomedicine},
    volume = {214},
    pages = {106584},
    year = {2022},
    publisher = {Elsevier}
}

@article{singh2024rethinking,
    title = {Rethinking interpretability in the era of large language models},
    author = {Singh, Chandan and Inala, Jeevana Priya and Galley, Michel and Caruana, Rich and Gao, Jianfeng},
    journal = {arXiv preprint arXiv:2402.01761},
    year = {2024}
}

@misc{chatgpt_2024,
    title = {ChatGPT},
    author = {OpenAI},
    year = 2024,
    url = {https://openai.com/chatgpt/},
    note = {Accessed: 2024-09-16}
}

@misc{LLM-Pruner,
    author = {Xinyin Ma, Gongfan Fang, Xinchao Wang},
    title = {LLM-Pruner: GitHub Repository},
    year = {2023},
    note = {\url{https://github.com/horseee/LLM-Pruner}},
    note = {Accessed: 2024-09-23}
}

@article{erhan2009visualizing,
  title={Visualizing higher-layer features of a deep network},
  author={Erhan, Dumitru and Bengio, Yoshua and Courville, Aaron and Vincent, Pascal},
  journal={University of Montreal},
  volume={1341},
  number={3},
  pages={1},
  year={2009}
}
