@misc{kindig2024,
    author = {Beth Kindig},
    title = {AI Power Consumption Rapidly Becoming Mission Critical},
    year = {2024},
    month = jun,
    url = {https://www.forbes.com/sites/bethkindig/2024/06/20/ai-power-consumption-rapidly-becoming-mission-critical/},
    note = {Accessed: 2024-09-16},
    journal = {Forbes},
}

@misc{voita2019analyzingmultiheadselfattentionspecialized,
    title={Analyzing Multi-Head Self-Attention: Specialized Heads Do the Heavy Lifting, the Rest Can Be Pruned},
    author={Elena Voita and David Talbot and Fedor Moiseev and Rico Sennrich and Ivan Titov},
    year={2019},
    eprint={1905.09418},
    archivePrefix={arXiv},
    primaryClass={cs.CL},
    url={https://arxiv.org/abs/1905.09418},
}

@misc{chalvatzaki2023learningreasonscenegraphs,
    title={Learning to Reason over Scene Graphs: A Case Study of Finetuning GPT-2 into a Robot Language Model for Grounded Task Planning},
    author={Georgia Chalvatzaki and Ali Younes and Daljeet Nandha and An Le and Leonardo F. R. Ribeiro and Iryna Gurevych},
    year={2023},
    eprint={2305.07716},
    archivePrefix={arXiv},
    primaryClass={cs.RO},
    url={https://arxiv.org/abs/2305.07716},
}

@article{ma2023llm,
    title = {Llm-pruner: On the structural pruning of large language models},
    author = {Ma, Xinyin and Fang, Gongfan and Wang, Xinchao},
    journal = {Advances in neural information processing systems},
    volume = {36},
    pages = {21702--21720},
    year = {2023}
}

@article{hsu2023explainable,
    title = {Explainable GeoAI: can saliency maps help interpret artificial intelligence’s learning process? An empirical study on natural feature detection},
    author = {Hsu, Chia-Yu and Li, Wenwen},
    journal = {International Journal of Geographical Information Science},
    volume = {37},
    number = {5},
    pages = {963--987},
    year = {2023},
    publisher = {Taylor \& Francis}
}

@inproceedings{jia2022interpreting,
    title = {Interpreting Convolutional Neural Networks via Layer-Wise Relevance Propagation},
    author = {Jia, Wohuan and Zhang, Shaoshuai and Jiang, Yue and Xu, Li},
    booktitle = {International Conference on Adaptive and Intelligent Systems},
    pages = {457--467},
    year = {2022},
    organization = {Springer}
}

@inproceedings{shi2021sparsebert,
    title = {Sparsebert: Rethinking the importance analysis in self-attention},
    author = {Shi, Han and Gao, Jiahui and Ren, Xiaozhe and Xu, Hang and Liang, Xiaodan and Li, Zhenguo and Kwok, James Tin-Yau},
    booktitle = {International Conference on Machine Learning},
    pages = {9547--9557},
    year = {2021},
    organization = {PMLR}
}

@inproceedings{sundararajan2017axiomatic,
    title = {Axiomatic attribution for deep networks},
    author = {Sundararajan, Mukund and Taly, Ankur and Yan, Qiqi},
    booktitle = {International conference on machine learning},
    pages = {3319--3328},
    year = {2017},
    organization = {PMLR}
}

@article{nohara2022explanation,
    title = {Explanation of machine learning models using shapley additive explanation and application for real data in hospital},
    author = {Nohara, Yasunobu and Matsumoto, Koutarou and Soejima, Hidehisa and Nakashima, Naoki},
    journal = {Computer Methods and Programs in Biomedicine},
    volume = {214},
    pages = {106584},
    year = {2022},
    publisher = {Elsevier}
}

@article{singh2024rethinking,
    title = {Rethinking interpretability in the era of large language models},
    author = {Singh, Chandan and Inala, Jeevana Priya and Galley, Michel and Caruana, Rich and Gao, Jianfeng},
    journal = {arXiv preprint arXiv:2402.01761},
    year = {2024}
}

@misc{chatgpt_2024,
    title = {ChatGPT},
    author = {OpenAI},
    year = 2024,
    url = {https://openai.com/chatgpt/},
    note = {Accessed: 2024-09-16}
}

@misc{LLM-Pruner,
    author = {Xinyin Ma, Gongfan Fang, Xinchao Wang},
    title = {LLM-Pruner: GitHub Repository},
    year = {2023},
    note = {\url{https://github.com/horseee/LLM-Pruner}},
    note = {Accessed: 2024-09-23}
}

@article{erhan2009visualizing,
  title={Visualizing higher-layer features of a deep network},
  author={Erhan, Dumitru and Bengio, Yoshua and Courville, Aaron and Vincent, Pascal},
  journal={University of Montreal},
  volume={1341},
  number={3},
  pages={1},
  year={2009}
}

@article{sreenivas2024llm,
  title={LLM Pruning and Distillation in Practice: The Minitron Approach},
  author={Sreenivas, Sharath Turuvekere and Muralidharan, Saurav and Joshi, Raviraj and Chochowski, Marcin and Patwary, Mostofa and Shoeybi, Mohammad and Catanzaro, Bryan and Kautz, Jan and Molchanov, Pavlo},
  journal={arXiv preprint arXiv:2408.11796},
  year={2024}
}

@misc{llm-test-runner,
  author       = {Welby Seely},
  title        = {LLM Test Runner},
  year         = 2024,
  publisher    = {GitHub},
  journal      = {GitHub repository},
  howpublished = {\url{https://github.com/crimsonmagick/llm-test-runner}},
  note         = {Accessed: 2024-09-30}
}

@misc{llm-pruner-pr,
  author       = {crimsonmagick},
  title        = {LLM Pruner: Pull Request \#1 Files},
  year         = 2024,
  publisher    = {GitHub},
  journal      = {GitHub repository},
  howpublished = {\url{https://github.com/crimsonmagick/LLM-Pruner/pull/1/files}},
  note         = {Accessed: 2024-09-30}
}

@misc{merity2016pointersentinelmixturemodels,
      title={Pointer Sentinel Mixture Models},
      author={Stephen Merity and Caiming Xiong and James Bradbury and Richard Socher},
      year={2016},
      eprint={1609.07843},
      archivePrefix={arXiv},
      primaryClass={cs.CL},
      url={https://arxiv.org/abs/1609.07843},
}

@misc{decapoda-llama-7B,
  author       = {baffo32},
  title        = {Decapoda Research LLAMA 7B - Hugging Face},
  year         = 2024,
  publisher    = {Hugging Face},
  journal      = {Hugging Face repository},
  howpublished = {\url{https://huggingface.co/baffo32/decapoda-research-llama-7B-hf}},
  note         = {Accessed: 2024-09-30}
}

@article{jelinek1977perplexity,
    title={Perplexity—a measure of the difficulty of speech recognition tasks},
    author={Jelinek, Fred and Mercer, Robert L and Bahl, Lalit R and Baker, James K},
    journal={The Journal of the Acoustical Society of America},
    volume={62},
    number={S1},
    pages={S63--S63},
    year={1977},
    publisher={Acoustical Society of America}
}

@misc{ba2016layernormalization,
    title={Layer Normalization},
    author={Jimmy Lei Ba and Jamie Ryan Kiros and Geoffrey E. Hinton},
    year={2016},
    eprint={1607.06450},
    archivePrefix={arXiv},
    primaryClass={stat.ML},
    url={https://arxiv.org/abs/1607.06450},
}

@misc{bahdanau2016neuralmachinetranslationjointly,
    title={Neural Machine Translation by Jointly Learning to Align and Translate},
    author={Dzmitry Bahdanau and Kyunghyun Cho and Yoshua Bengio},
    year={2016},
    eprint={1409.0473},
    archivePrefix={arXiv},
    primaryClass={cs.CL},
    url={https://arxiv.org/abs/1409.0473},
}

@misc{huggingface_transformers_llama,
    author       = {Hugging Face, Inc.},
    title        = {LLaMA Model Implementation in Transformers Library},
    url          = {https://github.com/huggingface/transformers/blob/main/src/transformers/models/llama/modeling_llama.py},
    note         = {Accessed: 2024-10-28},
    howpublished = {\url{https://github.com/huggingface/transformers/blob/main/src/transformers/models/llama/modeling_llama.py}}
}

@misc{su2023roformerenhancedtransformerrotary,
    title={RoFormer: Enhanced Transformer with Rotary Position Embedding},
    author={Jianlin Su and Yu Lu and Shengfeng Pan and Ahmed Murtadha and Bo Wen and Yunfeng Liu},
    year={2023},
    eprint={2104.09864},
    archivePrefix={arXiv},
    primaryClass={cs.CL},
    url={https://arxiv.org/abs/2104.09864},
}